@inbook{probabilistic-reasoning,
	title         = {{Probabilistic Reasoning}},
	author        = {S. J. Russell and P. Norvig},
	booktitle     = {{Artificial Intelligence}},
	booksubtitle  = {{A Modern Approach}},
	pages         = {510--565},
	edition       = {3},
	year          = {2009},
	chapter       = {14},
	publisher     = {Pearson Education},
	location      = {Upper Saddle River, NJ, USA}
}

@online{hot-100,
	title         = {{The Hot 100 Chart}},
	year          = {2021},
	organization  = {Billboard},
	url           = {https://www.billboard.com/charts/hot-100},
	urldate       = {2021-09-07}
}

@report{hitpredict-presentation,
	author        = {E. Georgieva and M. Suta and N. Burton},
	title         = {{HitPredict}},
	subtitle      = {{Using Spotify Data to Predict Billboard Hits}},
	type          = {resreport},
	institution   = {Stanford University},
	year          = {2018},
	location      = {Stanford, CA, USA},
	url           = {https://ccrma.stanford.edu/~egeorgie/HitPredict/ICML2020.pdf},
	urldate       = {2021-09-07}
}

@report{hitpredict-report,
	author        = {E. Georgieva and M. Suta and N. Burton},
	title         = {{HitPredict}},
	subtitle      = {{Predicting Hit Songs Using Spotify Data}},
	type          = {resreport},
	institution   = {Stanford University},
	year          = {2018},
	location      = {Stanford, CA, USA},
	url           = {http://cs229.stanford.edu/proj2018/report/16.pdf},
	urldate       = {2021-09-07}
}